<record><leader>00000cas a2200000 a 4500</leader><controlfield tag="001">12248586</controlfield><controlfield tag="008">850710d18691995miuwr ne      0    0eng c</controlfield><datafield ind1=" " ind2=" " tag="010"><subfield code="a">sn 85026465 </subfield></datafield><datafield ind1=" " ind2=" " tag="040"><subfield code="a">NPX</subfield><subfield code="b">eng</subfield><subfield code="c">NPX</subfield><subfield code="d">MGN</subfield><subfield code="d">MHN</subfield><subfield code="d">OCL</subfield><subfield code="d">OCLCQ</subfield><subfield code="d">OCLCF</subfield><subfield code="d">OCLCO</subfield></datafield><datafield ind1=" " ind2=" " tag="042"><subfield code="a">pcc</subfield></datafield><datafield ind1=" " ind2=" " tag="043"><subfield code="a">n-us-mi</subfield></datafield><datafield ind1="0" ind2="4" tag="245"><subfield code="a">The Dexter leader.</subfield></datafield><datafield ind1=" " ind2=" " tag="260"><subfield code="a">Dexter, Mich. :</subfield><subfield code="b">A. McMillan</subfield></datafield><datafield ind1=" " ind2=" " tag="300"><subfield code="a">v.</subfield></datafield><datafield ind1=" " ind2=" " tag="310"><subfield code="a">Weekly</subfield></datafield><datafield ind1="0" ind2=" " tag="362"><subfield code="a">Vol. 1, no. 1 (Jan. 28, 1869)-v. 98, no. 52 (Dec. 30, 1959) ; 94th yr., no. 1 (Jan. 6, 1960)-</subfield></datafield><datafield ind1=" " ind2=" " tag="500"><subfield code="a">Editor: A. McMillan, &lt;1876&gt;.</subfield></datafield><datafield ind1=" " ind2="0" tag="651"><subfield code="a">Dexter (Mich.)</subfield><subfield code="v">Newspapers.</subfield></datafield><datafield ind1=" " ind2="0" tag="651"><subfield code="a">Washtenaw County (Mich.)</subfield><subfield code="v">Newspapers.</subfield></datafield><datafield ind1=" " ind2="7" tag="655"><subfield code="a">Newspapers.</subfield><subfield code="2">fast</subfield><subfield code="0">(OCoLC)fst01423814</subfield></datafield><datafield ind1=" " ind2="7" tag="651"><subfield code="a">Michigan</subfield><subfield code="z">Dexter.</subfield><subfield code="2">fast</subfield><subfield code="0">(OCoLC)fst01234475</subfield></datafield><datafield ind1=" " ind2="7" tag="651"><subfield code="a">Michigan</subfield><subfield code="z">Washtenaw County.</subfield><subfield code="2">fast</subfield><subfield code="0">(OCoLC)fst01214739</subfield></datafield><datafield ind1=" " ind2=" " tag="752"><subfield code="a">United States</subfield><subfield code="b">Michigan</subfield><subfield code="c">Washtenaw</subfield><subfield code="d">Dexter.</subfield></datafield><datafield ind1="0" ind2="5" tag="780"><subfield code="t">Dexter news (Dexter, Mich.)</subfield><subfield code="g">1893</subfield><subfield code="w">(DLC)sn 96076763</subfield><subfield code="w">(OCoLC)35011208</subfield></datafield><datafield ind1="0" ind2="4" tag="785"><subfield code="t">Chelsea standard (Chelsea, Mich. : 1908)</subfield><subfield code="w">(DLC)sn 96076754</subfield><subfield code="w">(OCoLC)35005441</subfield></datafield></record>